%---------- applications ----------------
@inproceedings{SLN+11,
  title={Representative skylines using threshold-based preference distributions},
  author={Sarma, Atish Das and Lall, Ashwin and Nanongkai, Danupon and Lipton, Richard J and Xu, Jim},
  booktitle={Data Engineering (ICDE), 2011 IEEE 27th International Conference on},
  pages={387--398},
  year={2011},
  organization={IEEE}
}

@inproceedings{GLK10,
  title={Inferring networks of diffusion and influence},
  author={Gomez Rodriguez, Manuel and Leskovec, Jure and Krause, Andreas},
  booktitle={Proceedings of the 16th ACM SIGKDD international conference on Knowledge discovery and data mining},
  pages={1019--1028},
  year={2010},
  organization={ACM}
}


@inproceedings{KKT03,
  title={Maximizing the spread of influence through a social network},
  author={Kempe, David and Kleinberg, Jon and Tardos, {\'E}va},
  booktitle={Proceedings of the ninth ACM SIGKDD international conference on Knowledge discovery and data mining},
  pages={137--146},
  year={2003},
  organization={ACM}
}

@inproceedings{LB11,
  title={A class of submodular functions for document summarization},
  author={Lin, Hui and Bilmes, Jeff},
  booktitle={Proceedings of the 49th Annual Meeting of the Association for Computational Linguistics: Human Language Technologies-Volume 1},
  pages={510--520},
  year={2011},
  organization={Association for Computational Linguistics}
}

@inproceedings{BJM01,
  title={Interactive graph cuts for optimal boundary \& region segmentation of objects in ND images},
  author={Boykov, Yuri Y and Jolly, Marie-Pierre},
  booktitle={Computer Vision, 2001. ICCV 2001. Proceedings. Eighth IEEE International Conference on},
  volume={1},
  pages={105--112},
  year={2001},
  organization={IEEE}
}

@article{KKT09,
  title={P$^3$ \& Beyond: Move Making Algorithms for Solving Higher Order Functions},
  author={Kohli, Pushmeet and Kumar, M Pawan and Torr, Philip HS},
  journal={Pattern Analysis and Machine Intelligence, IEEE Transactions on},
  volume={31},
  number={9},
  pages={1645--1656},
  year={2009},
  publisher={IEEE}
}

@inproceedings{LB11word,
  title={Word alignment via submodular maximization over matroids},
  author={Lin, Hui and Bilmes, Jeff},
  booktitle={Proceedings of the 49th Annual Meeting of the Association for Computational Linguistics: Human Language Technologies: short papers-Volume 2},
  pages={170--175},
  year={2011},
  organization={Association for Computational Linguistics}
}


@inproceedings{MKC+15,
  title={Fast Distributed k-Center Clustering with Outliers on Massive Data},
  author={Malkomes, Gustavo and Kusner, Matt J and Chen, Wenlin and Weinberger, Kilian Q and Moseley, Benjamin},
  booktitle={Advances in Neural Information Processing Systems},
  pages={1063--1071},
  year={2015}
}




%------- theory --------------
@incollection{L83,
  title={Submodular functions and convexity},
  author={Lov{\'a}sz, L{\'a}szl{\'o}},
  booktitle={Mathematical Programming The State of the Art},
  pages={235--257},
  year={1983},
  publisher={Springer}
}

@article{F98,
  title={A threshold of ln n for approximating set cover},
  author={Feige, Uriel},
  journal={Journal of the ACM (JACM)},
  volume={45},
  number={4},
  pages={634--652},
  year={1998},
  publisher={ACM}
}


%------------ book/tutorial/survey/course ---------------------

@ONLINE{B14,
author = {Bilmes, Jeff},
title = {Lecture notes on Submodular Optimization},
year = {2014},
url = {http://j.ee.washington.edu/~bilmes/classes/ee596b_spring_2014/}
}

@book{F05,
  title={Submodular functions and optimization},
  author={Fujishige, Satoru},
  volume={58},
  year={2005},
  publisher={Elsevier}
}


